@book {Maclane,
    AUTHOR = {Mac Lane, Saunders},
     TITLE = {Categories for the working mathematician},
    SERIES = {Graduate Texts in Mathematics},
    VOLUME = {5},
   EDITION = {Second},
 PUBLISHER = {Springer-Verlag, New York},
      YEAR = {1998},
     PAGES = {xii+314},
      ISBN = {0-387-98403-8},
   MRCLASS = {18-02},
  MRNUMBER = {1712872},
}

@book{AtiyahMacdonald,
  author = {Atiyah, Michael Francis and MacDonald, I. G.},
  isbn = {978-0-201-40751-8},
  pages = {I-IX, 1-128},
  publisher = {Addison-Wesley-Longman},
  title = {Introduction to commutative algebra.},
  year = 1969
}

@BOOK{EGA1new,
    AUTHOR      = {Grothendieck, Alexander and Dieudonn{\'e}, Jean},
	TITLE	= {{\'E}l{\'e}ments de g{\'e}om{\'e}trie alg{\'e}brique {I}},
	PUBLISHER = {Springer-Verlag},
	YEAR	= {1971},
	SERIES	= {Grundlehren der Mathematischen Wissenschaften},
	VOLUME	= {166},
}

@article{grothendieck1957,
author = {Grothendieck, Alexander},
doi = {10.2748/tmj/1178244839},
fjournal = {Tohoku Mathematical Journal},
journal = {Tohoku Math. J. (2)},
number = {2},
pages = {119--221},
publisher = {Tohoku University, Mathematical Institute},
title = {Sur quelques points d'alg√®bre homologique, I},
url = {},
volume = {9},
year = {1957}
}

@book{etingof2016tensor,
  title={Tensor Categories},
  author={Etingof, P. and Gelaki, S. and Nikshych, D. and Ostrik, V.},
  isbn={9781470434410},
  series={Mathematical Surveys and Monographs},
  url={},
  year={2016},
  publisher={American Mathematical Society}
}

@book{borceux1994handbook,
  title={Handbook of Categorical Algebra: Volume 2, Categories and Structures},
  author={Borceux, F. and Doran, B. and Rota, G.C.},
  isbn={9780521441797},
  lccn={93003225},
  series={Cambridge Studies in Philosophy},
  url={},
  year={1994},
  publisher={Cambridge University Press}
}

@book{freyd1962abelian,
  title={Abelian categories: the inside theory},
  author={Freyd, P.},
  lccn={64012785},
  url={https://books.google.pl/books?id=dO3uAAAAMAAJ},
  year={1962},
  publisher={Columbia University, Dept. of Mathematics}
}

@book{eisenbud2000geometryofschemes,
  title={The Geometry of Schemes},
  author={Eisenbud, D. and Harris, J. and Harris, J.A.},
  isbn={9780387986371},
  lccn={99036219},
  series={Graduate Texts in Mathematics},
  url={https://books.google.pl/books?id=BpphspzsasEC},
  year={2000},
  publisher={Springer}
}

@book{weibel1995introduction,
  title={An Introduction to Homological Algebra},
  author={Weibel, C.A.},
  isbn={9780521559874},
  lccn={93015649},
  series={Cambridge Studies in Advanced Mathematics},
  url={https://books.google.pl/books?id=flm-dBXfZ\_gC},
  year={1995},
  publisher={Cambridge University Press}
}

@book{engelking1989general,
  title={General topology},
  author={Engelking, R.},
  isbn={9783885380061},
  series={Sigma series in pure mathematics},
  url={https://books.google.pl/books?id=K3spAQAAMAAJ},
  year={1989},
  publisher={Heldermann Verlag}
}

@article {AbelianCategoriesresults,
    AUTHOR = {Monygham},
     TITLE = {Abelian categories - some results},
   JOURNAL = {github repository: "Monygham/Pedo-mellon-a-minno"},
  FJOURNAL = { },
    VOLUME = { },
      YEAR = {2018},
     PAGES = { },
      ISSN = { },
   MRCLASS = { },
  MRNUMBER = { },
MRREVIEWER = { },
}

@article {Presheaves,
    AUTHOR = {Monygham},
     TITLE = {Categories of presheaves},
   JOURNAL = {github repository: "Monygham/Pedo-mellon-a-minno"},
  FJOURNAL = { },
    VOLUME = { },
      YEAR = {2019},
     PAGES = { },
      ISSN = { },
   MRCLASS = { },
  MRNUMBER = { },
MRREVIEWER = { },
}






