@book{enderton2001mathematical,
  title={A mathematical introduction to logic},
  author={Enderton, Herbert B},
  year={2001},
  publisher={Elsevier}
}

@article{cartan1937filters,
  title={Th{\'e}orie des filtres},
  author={Cartan, Henri},
  journal={CR Acad. Sci. Paris},
  volume={205},
  pages={595--598},
  year={1937}
}

@article{saks1937theory,
  title={Theory of the Integral},
  author={Saks, Stanis{\l}aw},
  year={1937}
}


@article{fichtenholz1934operations,
  title={Sur les op{\'e}rations lin{\'e}aires dans l'espace des fonctions born{\'e}es},
  author={Fichtenholz, Grigorii and Kantorovitch, Leonid},
  journal={Studia Mathematica},
  volume={5},
  number={1},
  pages={69--98},
  year={1934},
  publisher={Polska Akademia Nauk. Instytut Matematyczny PAN}
}

@article{kuratowski1922operation,
  title={Sur l’op{\'e}ration A de l’analysis situs},
  author={Kuratowski, Casimir},
  journal={Fundamenta Mathematicae},
  volume={3},
  number={1},
  pages={182--199},
  year={1922}
}

@book{banach1979theorieoperationslineaires,
  title={Th{\'e}orie des op{\'e}rations lin{\'e}aires},
  author={Banach, Stefan},
  year={1979},
  publisher={Z subwencji funduszu kultury narodowej}
}

@article{banach1923problemelameasure,
  title={Sur le probl{\`e}me de la mesure},
  author={Banach, Stefan},
  journal={Fund. Math},
  volume={4},
  number={7},
  pages={33},
  year={1923}
}
@article{lyndon1966notes,
  title={Notes on logic},
  author={Lyndon, Roger C},
  year={1966}
}

@book{lang2005algebra,
  title={Algebra},
  author={Lang, S.},
  isbn={9780387953854},
  lccn={01054916},
  series={Graduate Texts in Mathematics},
  url={},
  year={2005},
  publisher={Springer New York}
}

@book {Maclane,
    AUTHOR = {Mac Lane, Saunders},
     TITLE = {Categories for the working mathematician},
    SERIES = {Graduate Texts in Mathematics},
    VOLUME = {5},
   EDITION = {Second},
 PUBLISHER = {Springer-Verlag, New York},
      YEAR = {1998},
     PAGES = {xii+314},
      ISBN = {0-387-98403-8},
   MRCLASS = {18-02},
  MRNUMBER = {1712872},
}

@book{maclane1994sheaves,
  title={Sheaves in Geometry and Logic: A First Introduction to Topos Theory},
  author={MacLane, S. and Moerdijk, I.},
  isbn={9780387977102},
  lccn={lc91033709},
  series={Universitext},
  url={},
  year={1994},
  publisher={Springer New York}
}
@book{AtiyahMacdonald,
  author = {Atiyah, Michael Francis and MacDonald, I. G.},
  isbn = {978-0-201-40751-8},
  pages = {I-IX, 1-128},
  publisher = {Addison-Wesley-Longman},
  title = {Introduction to commutative algebra.},
  year = 1969
}
@book{engelking1989general,
  title={General topology},
  author={Engelking, R.},
  isbn={9783885380061},
  series={Sigma series in pure mathematics},
  url={},
  year={1989},
  publisher={Heldermann Verlag}
}

@book{hrbacek1978introduction,
  title={Introduction to set theory},
  author={Hrbacek, K. and Jech, T.J.},
  isbn={9780824765705},
  lccn={78002668},
  series={Lecture Notes in Pure and Applied Mathematics},
  url={},
  year={1978},
  publisher={M. Dekker}
}
@article{BrouwerRogers,
  title={A less strange version of Milnor's proof of Brouwer's fixed-point theorem},
  author={Rogers, Claude Ambrose},
  journal={The American Mathematical Monthly},
  volume={87},
  number={7},
  pages={525--527},
  year={1980},
  publisher={Taylor \& Francis}
}
@article {Concentration_inequalities,
    AUTHOR = {Monygham},
     TITLE = {Concentration inequalities},
   JOURNAL = {github repository: "Monygham/Pedo-mellon-a-minno"},
  FJOURNAL = { },
    VOLUME = { },
      YEAR = {2018},
     PAGES = { },
      ISSN = { },
   MRCLASS = { },
  MRNUMBER = { },
MRREVIEWER = { },
}

@article {Introduction_to_measure_theory,
    AUTHOR = {Monygham},
     TITLE = {Introduction to measure theory},
   JOURNAL = {github repository: "Monygham/Pedo-mellon-a-minno"},
  FJOURNAL = { },
    VOLUME = { },
      YEAR = {2018},
     PAGES = { },
      ISSN = { },
   MRCLASS = { },
  MRNUMBER = { },
MRREVIEWER = { },
}

@article {Radon_Nikodym_Hahn_Jordan_Lebesgue_decomposition,
    AUTHOR = {Monygham},
     TITLE = {Radon-Nikodym theorem, Hahn-Jordan decomposition and Lebesgue decomposition},
   JOURNAL = {github repository: "Monygham/Pedo-mellon-a-minno"},
  FJOURNAL = { },
    VOLUME = { },
      YEAR = {2018},
     PAGES = { },
      ISSN = { },
   MRCLASS = { },
  MRNUMBER = { },
MRREVIEWER = { },
}

@article {Measures_on_locally_compact_spaces,
    AUTHOR = {Monygham},
     TITLE = {Measures on locally compact spaces},
   JOURNAL = {github repository: "Monygham/Pedo-mellon-a-minno"},
  FJOURNAL = { },
    VOLUME = { },
      YEAR = {2018},
     PAGES = { },
      ISSN = { },
   MRCLASS = { },
  MRNUMBER = { },
MRREVIEWER = { },
}

@article {Integration,
    AUTHOR = {Monygham},
     TITLE = {Integration},
   JOURNAL = {github repository: "Monygham/Pedo-mellon-a-minno"},
  FJOURNAL = { },
    VOLUME = { },
      YEAR = {2019},
     PAGES = { },
      ISSN = { },
   MRCLASS = { },
  MRNUMBER = { },
MRREVIEWER = { },
}

@article {Completeness_of_FOL,
    AUTHOR = {Monygham},
     TITLE = {Completeness of first order logic},
   JOURNAL = {github repository: "Monygham/Pedo-mellon-a-minno"},
  FJOURNAL = { },
    VOLUME = { },
      YEAR = {2020},
     PAGES = { },
      ISSN = { },
   MRCLASS = { },
  MRNUMBER = { },
MRREVIEWER = { },
}

@article {Daniell_Kolmogorov_extension,
    AUTHOR = {Monygham},
     TITLE = {Daniell-{K}olmogorov extension theorem},
   JOURNAL = {github repository: "Monygham/Pedo-mellon-a-minno"},
  FJOURNAL = { },
    VOLUME = { },
      YEAR = {2022},
     PAGES = { },
      ISSN = { },
   MRCLASS = { },
  MRNUMBER = { },
MRREVIEWER = { },
}

@article {Filters_in_topology,
    AUTHOR = {Monygham},
     TITLE = {Filters in topology},
   JOURNAL = {github repository: "Monygham/Pedo-mellon-a-minno"},
  FJOURNAL = { },
    VOLUME = { },
      YEAR = {2022},
     PAGES = { },
      ISSN = { },
   MRCLASS = { },
  MRNUMBER = { },
MRREVIEWER = { },
}

@article {Topological_vector_spaces_and_Hahn_Banach,
    AUTHOR = {Monygham},
     TITLE ={Topological vector spaces and Hahn-Banach theorem},
   JOURNAL = {github repository: "Monygham/Pedo-mellon-a-minno"},
  FJOURNAL = { },
    VOLUME = { },
      YEAR = {2023},
     PAGES = { },
      ISSN = { },
   MRCLASS = { },
  MRNUMBER = { },
MRREVIEWER = { },
}

@article {Topological_Spaces,
    AUTHOR = {Monygham},
     TITLE ={Topological spaces},
   JOURNAL = {github repository: "Monygham/Pedo-mellon-a-minno"},
  FJOURNAL = { },
    VOLUME = { },
      YEAR = {2024},
     PAGES = { },
      ISSN = { },
   MRCLASS = { },
  MRNUMBER = { },
MRREVIEWER = { },
}

@article {Uniform_Spaces,
    AUTHOR = {Monygham},
     TITLE ={Uniform spaces},
   JOURNAL = {github repository: "Monygham/Pedo-mellon-a-minno"},
  FJOURNAL = { },
    VOLUME = { },
      YEAR = {2024},
     PAGES = { },
      ISSN = { },
   MRCLASS = { },
  MRNUMBER = { },
MRREVIEWER = { },
}



