@book {FichtenholzI,
    AUTHOR = {Fichtenholz, G. M.},
     TITLE = {Rachunek r\'{o}\.{z}niczkowy i ca\l kowy. {T}om 1},
   EDITION = {Eleventh},
      NOTE = {Translated from the Russian by Ryszard Bittner, Boles\l aw
              Gleichgewicht and Tadeusz Huskowski},
 PUBLISHER = {Wydawnictwo Naukowe PWN, Warsaw},
      YEAR = {1997},
     PAGES = {550},
      ISBN = {83-01-02175-6},
   MRCLASS = {26-01 (00A05)},
  MRNUMBER = {1624778},
}

@book {Kuratowski,
    AUTHOR = {Kuratowski, Kazimierz},
     TITLE = {Wstęp do teorii mnogości i topologii},
   EDITION = {Ninth},
      NOTE = { },
 PUBLISHER = {Wydawnictwo Naukowe PWN, Warsaw},
      YEAR = {2004},
     PAGES = {356},
      ISBN = { },
   MRCLASS = { },
  MRNUMBER = { },
}

@book {Maclane,
    AUTHOR = {Mac Lane, Saunders},
     TITLE = {Categories for the working mathematician},
    SERIES = {Graduate Texts in Mathematics},
    VOLUME = {5},
   EDITION = {Second},
 PUBLISHER = {Springer-Verlag, New York},
      YEAR = {1998},
     PAGES = {xii+314},
      ISBN = {0-387-98403-8},
   MRCLASS = {18-02},
  MRNUMBER = {1712872},
}
		
