@book {Maclane,
    AUTHOR = {Mac Lane, Saunders},
     TITLE = {Categories for the working mathematician},
    SERIES = {Graduate Texts in Mathematics},
    VOLUME = {5},
   EDITION = {Second},
 PUBLISHER = {Springer-Verlag, New York},
      YEAR = {1998},
     PAGES = {xii+314},
      ISBN = {0-387-98403-8},
   MRCLASS = {18-02},
  MRNUMBER = {1712872},
}

@book{hrbacek1978introduction,
  title={Introduction to set theory},
  author={Hrbacek, K. and Jech, T.J.},
  isbn={9780824765705},
  lccn={78002668},
  series={Lecture Notes in Pure and Applied Mathematics},
  url={https://books.google.pl/books?id=KvnuAAAAMAAJ},
  year={1978},
  publisher={M. Dekker}
}

@book{engelking1989general,
  title={General topology},
  author={Engelking, R.},
  isbn={9783885380061},
  series={Sigma series in pure mathematics},
  url={https://books.google.pl/books?id=K3spAQAAMAAJ},
  year={1989},
  publisher={Heldermann Verlag}
}
		
@book{rudin1964principles,
  title={Principles of mathematical analysis},
  author={Rudin, W.},
  lccn={63021479},
  series={International series in pure and applied mathematics},
  url={https://books.google.pl/books?id=iifvAAAAMAAJ},
  year={1964},
  publisher={McGraw-Hill}
}

@article {Measures,
    AUTHOR = {Monygham},
     TITLE = {Introduction to measure theory},
   JOURNAL = {github repository: "Monygham/Pedo-mellon-a-minno"},
  FJOURNAL = { },
    VOLUME = { },
      YEAR = {2018},
     PAGES = { },
      ISSN = { },
   MRCLASS = { },
  MRNUMBER = { },
MRREVIEWER = { },
}

@article {Concentrationinequalities,
    AUTHOR = {Monygham},
     TITLE = {Concentration inequalities},
   JOURNAL = {github repository: "Monygham/Pedo-mellon-a-minno"},
  FJOURNAL = { },
    VOLUME = { },
      YEAR = {2018},
     PAGES = { },
      ISSN = { },
   MRCLASS = { },
  MRNUMBER = { },
MRREVIEWER = { },
}

@article {RadonNikodymHahnJordanLebesguedecomposition,
    AUTHOR = {Monygham},
     TITLE = {Radon-Nikodym theorem, Hahn-Jordan decomposition and Lebesgue decomposition},
   JOURNAL = {github repository: "Monygham/Pedo-mellon-a-minno"},
  FJOURNAL = { },
    VOLUME = { },
      YEAR = {2018},
     PAGES = { },
      ISSN = { },
   MRCLASS = { },
  MRNUMBER = { },
MRREVIEWER = { },
}

@article {Measures on locally compact spaces,
    AUTHOR = {Monygham},
     TITLE = {Measures on locally compact spaces},
   JOURNAL = {github repository: "Monygham/Pedo-mellon-a-minno"},
  FJOURNAL = { },
    VOLUME = { },
      YEAR = {2018},
     PAGES = { },
      ISSN = { },
   MRCLASS = { },
  MRNUMBER = { },
MRREVIEWER = { },
}

