@book {Maclane,
    AUTHOR = {Mac Lane, Saunders},
     TITLE = {Categories for the working mathematician},
    SERIES = {Graduate Texts in Mathematics},
    VOLUME = {5},
   EDITION = {Second},
 PUBLISHER = {Springer-Verlag, New York},
      YEAR = {1998},
     PAGES = {xii+314},
      ISBN = {0-387-98403-8},
   MRCLASS = {18-02},
  MRNUMBER = {1712872},
}

@book{freyd1962abelian,
  title={Abelian categories: the inside theory},
  author={Freyd, P.},
  lccn={64012785},
  url={https://books.google.pl/books?id=dO3uAAAAMAAJ},
  year={1962},
  publisher={Columbia University, Dept. of Mathematics}
}

@book{weibel1995introduction,
  title={An Introduction to Homological Algebra},
  author={Weibel, C.A.},
  isbn={9780521559874},
  lccn={93015649},
  series={Cambridge Studies in Advanced Mathematics},
  url={https://books.google.pl/books?id=flm-dBXfZ\_gC},
  year={1995},
  publisher={Cambridge University Press}
}

@book{engelking1989general,
  title={General topology},
  author={Engelking, R.},
  isbn={9783885380061},
  series={Sigma series in pure mathematics},
  url={https://books.google.pl/books?id=K3spAQAAMAAJ},
  year={1989},
  publisher={Heldermann Verlag}
}

@article {AbelianCategoriesresults,
    AUTHOR = {Monygham},
     TITLE = {Abelian categories - some results},
   JOURNAL = {github repository: "Monygham/Pedo-mellon-a-minno"},
  FJOURNAL = { },
    VOLUME = { },
      YEAR = {2018},
     PAGES = { },
      ISSN = { },
   MRCLASS = { },
  MRNUMBER = { },
MRREVIEWER = { },
}

@article {Flatnessingeometry,
    AUTHOR = {Monygham},
     TITLE = {Flatness in geometry},
   JOURNAL = {github repository: "Monygham/Pedo-mellon-a-minno"},
  FJOURNAL = { },
    VOLUME = { },
      YEAR = {2018},
     PAGES = { },
      ISSN = { },
   MRCLASS = { },
  MRNUMBER = { },
MRREVIEWER = { },
}

@article {Flatness,
    AUTHOR = {Monygham},
     TITLE = {Flatness},
   JOURNAL = {github repository: "Monygham/Pedo-mellon-a-minno"},
  FJOURNAL = { },
    VOLUME = { },
      YEAR = {2018},
     PAGES = { },
      ISSN = { },
   MRCLASS = { },
  MRNUMBER = { },
MRREVIEWER = { },
}

@article {Constructibleandlocallyconstructiblesets,
    AUTHOR = {Monygham},
     TITLE = {Constructible and locally constructible sets},
   JOURNAL = {github repository: "Monygham/Pedo-mellon-a-minno"},
  FJOURNAL = { },
    VOLUME = { },
      YEAR = {2018},
     PAGES = { },
      ISSN = { },
   MRCLASS = { },
  MRNUMBER = { },
MRREVIEWER = { },
}

@article {Proconstructiblesets,
    AUTHOR = {Monygham},
     TITLE = {Pro-constructible sets},
   JOURNAL = {github repository: "Monygham/Pedo-mellon-a-minno"},
  FJOURNAL = { },
    VOLUME = { },
      YEAR = {2018},
     PAGES = { },
      ISSN = { },
   MRCLASS = { },
  MRNUMBER = { },
MRREVIEWER = { },
}

@article {Presheaves,
    AUTHOR = {Monygham},
     TITLE = {Categories of presheaves},
   JOURNAL = {github repository: "Monygham/Pedo-mellon-a-minno"},
  FJOURNAL = { },
    VOLUME = { },
      YEAR = {2019},
     PAGES = { },
      ISSN = { },
   MRCLASS = { },
  MRNUMBER = { },
MRREVIEWER = { },
}

@article {Sheaves,
    AUTHOR = {Monygham},
     TITLE = {Categories of sheaves},
   JOURNAL = {github repository: "Monygham/Pedo-mellon-a-minno"},
  FJOURNAL = { },
    VOLUME = { },
      YEAR = 2019,
     PAGES = { },
      ISSN = { },
   MRCLASS = { },
  MRNUMBER = { },
MRREVIEWER = { },
}

@article {Measures,
    AUTHOR = {Monygham},
     TITLE = {Introduction to measure theory},
   JOURNAL = {github repository: "Monygham/Pedo-mellon-a-minno"},
  FJOURNAL = { },
    VOLUME = { },
      YEAR = 2018,
     PAGES = { },
      ISSN = { },
   MRCLASS = { },
  MRNUMBER = { },
MRREVIEWER = { },
}